{1:F01DABADEFFAXXX0000123456}{2:I940DABADEFFAXXXN}{4:
:20:REF123456789
:25:123456789/1234567890
:28C:23/1
:60F:C240101EUR12345,67
:61:2401020102C100,00NMSCNONREF//123456789
:86:/TRCD/Payroll/NAME/John Doe/REMI/January salary
:61:2401020102D50,00NCHGNONREF//987654321
:86:/TRCD/Charges/NAME/Bank Fees
:62F:C240103EUR12295,67
-}
