{1:F01BANKBEBBAXXX0000000000}{2:I940BANKDEFFXXXXN}{4:
:20:STATEMENTREF4
:25:9876543210/EUR
:28C:00001/001
:60F:C251014EUR1000,00
:61:2510141014C200,00NTRFNONREF//1234567890
:86:Transaction 1 description
:61:2510141014D50,00NTRFNONREF//1234567891
:86:Transaction 2 description
:62F:C251014EUR1150,00
-}